@Manual{Coq:manual,
  title =        {The Coq proof assistant reference manual},
  author =       {\mbox{The Coq development team}},
  organization = {LogiCal Project},
  note =         {Version 8.0},
  year =         {2004},
  url =          "http://coq.inria.fr"
}

@book{nipkow2002isabelle,
 author = {Nipkow, Tobias and Wenzel, Markus and Paulson, Lawrence C.},
 title = {Isabelle/HOL: A Proof Assistant for Higher-order Logic},
 year = {2002},
 isbn = {3-540-43376-7},
 publisher = {Springer-Verlag},
 address = {Berlin, Heidelberg},
}

@book{peterfalvi2000oot,
  title={Character theory for the odd order theorem},
  author={Peterfalvi, Thomas},
  volume={272},
  year={2000},
  publisher={Cambridge University Press}
}

@book{bender1994oot,
  title={Local analysis for the odd order theorem},
  author={Bender, Helmut and Glauberman, George and Carlip, Walter},
  volume={188},
  year={1994},
  publisher={Cambridge University Press}
}

@inproceedings{gonthier2013oot,
  title={A machine-checked proof of the odd order theorem},
  author={Gonthier, Georges and Asperti, Andrea and Avigad, Jeremy and Bertot, Yves and Cohen, Cyril and Garillot, Fran{\c{c}}ois and Le Roux, St{\'e}phane and Mahboubi, Assia and O’Connor, Russell and Biha, Sidi Ould and others},
  booktitle={International Conference on Interactive Theorem Proving},
  pages={163--179},
  year={2013},
  organization={Springer}
}

@misc{neo4j,
  title = {Neo4j},
  author = {Neo4j},
  howpublished = {\href{http://neo4j.com}{neo4j.com}},
  note = {Accessed: 13/10/2016}
}

@techreport{gonthier2015ssr,
  TITLE = {{A Small Scale Reflection Extension for the Coq system}},
  AUTHOR = {Gonthier, Georges and Mahboubi, Assia and Tassi, Enrico},
  URL = {https://hal.inria.fr/inria-00258384},
  TYPE = {Research Report},
  NUMBER = {RR-6455},
  INSTITUTION = {{Inria Saclay Ile de France}},
  YEAR = {2015},
  PDF = {https://hal.inria.fr/inria-00258384/file/main.pdf},
  HAL_ID = {inria-00258384},
  HAL_VERSION = {v16},
}

@article{gonthier2008formal,
  title={Formal proof--the four-color theorem},
  author={Gonthier, Georges},
  journal={Notices of the AMS},
  volume={55},
  number={11},
  pages={1382--1393},
  year={2008}
}

@article{leroy2012compcert,
  title={The CompCert C Verified Compiler},
  author={Leroy, Xavier},
  journal={Documentation and user’s manual. INRIA Paris-Rocquencourt},
  year={2012},
  publisher={Citeseer}
}

@inproceedings{klein2009sel4,
  title={seL4: Formal verification of an OS kernel},
  author={Klein, Gerwin and Elphinstone, Kevin and Heiser, Gernot and Andronick, June and Cock, David and Derrin, Philip and Elkaduwe, Dhammika and Engelhardt, Kai and Kolanski, Rafal and Norrish, Michael and others},
  booktitle={Proceedings of the ACM SIGOPS 22nd symposium on Operating systems principles},
  pages={207--220},
  year={2009},
  organization={ACM}
}

@inproceedings{pierce2016science,
  title={The science of deep specification (keynote)},
  author={Pierce, Benjamin C},
  booktitle={Companion Proceedings of the 2016 ACM SIGPLAN International Conference on Systems, Programming, Languages and Applications: Software for Humanity},
  pages={1--1},
  year={2016},
  organization={ACM}
}
